@incollection{balouek2012adding,
  title={Adding virtualization capabilities to the Grid'5000 testbed},
  author={Balouek, Daniel and Amarie, Alexandra Carpen and Charrier, Ghislain and Desprez, Fr{\'e}d{\'e}ric and Jeannot, Emmanuel and Jeanvoine, Emmanuel and L{\`e}bre, Adrien and Margery, David and Niclausse, Nicolas and Nussbaum, Lucas and others},
  booktitle={Cloud Computing and Services Science},
  pages={3--20},
  year={2012},
  publisher={Springer}
}

@article{bengio1994learning,
  title={Learning long-term dependencies with gradient descent is difficult},
  author={Bengio, Yoshua and Simard, Patrice and Frasconi, Paolo},
  journal={Neural Networks, IEEE Transactions on},
  volume={5},
  number={2},
  pages={157--166},
  year={1994},
  publisher={IEEE}
}

@phdthesis{camacho2007swipe,
  title={SWIPE: A sawtooth waveform inspired pitch estimator for speech and music},
  author={Camacho, Arturo},
  year={2007},
  school={University of Florida}
}

@misc{chollet2015keras,
  author = {Chollet, Fran√ßois},
  title = {Keras},
  year = {2015},
  publisher = {GitHub},
  journal = {GitHub repository},
  howpublished = {\url{https://github.com/fchollet/keras}}
}

@article{davis1980comparison,
  title={Comparison of parametric representations for monosyllabic word recognition in continuously spoken sentences},
  author={Davis, Steven B and Mermelstein, Paul},
  journal={Acoustics, Speech and Signal Processing, IEEE Transactions on},
  volume={28},
  number={4},
  pages={357--366},
  year={1980},
  publisher={IEEE}
}

@article{de2002yin,
  title={YIN, a fundamental frequency estimator for speech and music},
  author={De Cheveign{\'e}, Alain and Kawahara, Hideki},
  journal={The Journal of the Acoustical Society of America},
  volume={111},
  number={4},
  pages={1917--1930},
  year={2002},
  publisher={Acoustical Society of America}
}

@article{garofolo1993darpa,
  title={DARPA TIMIT acoustic-phonetic continous speech corpus CD-ROM. NIST speech disc 1-1.1},
  author={Garofolo, John S and Lamel, Lori F and Fisher, William M and Fiscus, Jonathan G and Pallett, David S},
  journal={NASA STI/Recon Technical Report N},
  volume={93},
  year={1993}
}

@article{hochreiter1997long,
  title={Long short-term memory},
  author={Hochreiter, Sepp and Schmidhuber, J{\"u}rgen},
  journal={Neural computation},
  volume={9},
  number={8},
  pages={1735--1780},
  year={1997},
  publisher={MIT Press}
}

@article{hunter2007matplotlib,
  title={Matplotlib: A 2D graphics environment},
  author={Hunter, John D and others},
  journal={Computing in science and engineering},
  volume={9},
  number={3},
  pages={90--95},
  year={2007}
}

@article{jiang2005confidence,
  title={Confidence measures for speech recognition: A survey},
  author={Jiang, Hui},
  journal={Speech communication},
  volume={45},
  number={4},
  pages={455--470},
  year={2005},
  publisher={Elsevier}
}

@incollection{lecun2012efficient,
  title={Efficient backprop},
  author={LeCun, Yann A and Bottou, L{\'e}on and Orr, Genevieve B and M{\"u}ller, Klaus-Robert},
  booktitle={Neural networks: Tricks of the trade},
  pages={9--48},
  year={2012},
  publisher={Springer}
}

@inproceedings{martin1982comparison,
  title={Comparison of pitch detection by cepstrum and spectral comb analysis},
  author={Martin, Philippe},
  booktitle={Acoustics, Speech, and Signal Processing, IEEE International Conference on ICASSP'82.},
  volume={7},
  pages={180--183},
  year={1982},
  organization={IEEE}
}

@inproceedings{mckinney2010data,
  title={Data structures for statistical computing in Python},
  author={McKinney, Wes and others},
  booktitle={Proceedings of the 9th Python in Science Conference},
  volume={445},
  pages={51--56},
  year={2010}
}

@article{mermelstein1976distance,
  title={Distance measures for speech recognition, psychological and instrumental},
  author={Mermelstein, Paul},
  journal={Pattern recognition and artificial intelligence},
  volume={116},
  pages={374--388},
  year={1976},
  publisher={New York: Academic}
}

@inproceedings{nair2010rectified,
  title={Rectified linear units improve restricted boltzmann machines},
  author={Nair, Vinod and Hinton, Geoffrey E},
  booktitle={Proceedings of the 27th International Conference on Machine Learning (ICML-10)},
  pages={807--814},
  year={2010}
}

@inproceedings{nesterov1983method,
  title={A method of solving a convex programming problem with convergence rate O (1/k2)},
  author={Nesterov, Yurii},
  booktitle={Soviet Mathematics Doklady},
  volume={27},
  number={2},
  pages={372--376},
  year={1983}
}

@book{orr2003neural,
  title={Neural networks: tricks of the trade},
  author={Orr, Genevieve B and M{\"u}ller, Klaus-Robert},
  year={2003},
  publisher={Springer}
}

@inproceedings{pirker2011pitch,
  title={A Pitch Tracking Corpus with Evaluation on Multipitch Tracking Scenario.},
  author={Pirker, Gregor and Wohlmayr, Michael and Petrik, Stefan and Pernkopf, Franz},
  booktitle={INTERSPEECH},
  pages={1509--1512},
  year={2011}
}

@article{richard1991neural,
  title={Neural network classifiers estimate Bayesian a posteriori probabilities},
  author={Richard, Michael D and Lippmann, Richard P},
  journal={Neural computation},
  volume={3},
  number={4},
  pages={461--483},
  year={1991},
  publisher={MIT Press}
}

@inproceedings{sjolander2000wavesurfer,
  title={Wavesurfer-an open source speech tool.},
  author={Sj{\"o}lander, K{\aa}re and Beskow, Jonas},
  booktitle={Interspeech},
  pages={464--467},
  year={2000}
}

@article{srivastava2014dropout,
  title={Dropout: A simple way to prevent neural networks from overfitting},
  author={Srivastava, Nitish and Hinton, Geoffrey and Krizhevsky, Alex and Sutskever, Ilya and Salakhutdinov, Ruslan},
  journal={The Journal of Machine Learning Research},
  volume={15},
  number={1},
  pages={1929--1958},
  year={2014},
  publisher={JMLR. org}
}

@article{talkin1995robust,
  title={A robust algorithm for pitch tracking (RAPT)},
  author={Talkin, David},
  journal={Speech coding and synthesis},
  volume={495},
  pages={518},
  year={1995}
}

@article{varga1993assessment,
  title={Assessment for automatic speech recognition: II. NOISEX-92: A database and an experiment to study the effect of additive noise on speech recognition systems},
  author={Varga, Andrew and Steeneken, Herman JM},
  journal={Speech communication},
  volume={12},
  number={3},
  pages={247--251},
  year={1993},
  publisher={Elsevier}
}
